<?xml version="1.0" encoding="UTF-8"?><collection xmlns="http://www.loc.gov/MARC21/slim"><record><leader>00444nam--2200133-i-4500</leader><controlfield tag="001">000032843</controlfield><controlfield tag="002">20161230</controlfield><controlfield tag="005">20161230201039</controlfield><controlfield tag="008">060222s1000------------r-----000-0-eng-d</controlfield><datafield ind1=" " ind2=" " tag="100"><subfield code="a">Marguin Georges</subfield></datafield><datafield ind1=" " ind2=" " tag="245"><subfield code="a">Le probleme du traitement d`un volume quelconque d`emulsion nucleaire</subfield></datafield><datafield ind1=" " ind2=" " tag="260"><subfield code="a">Paris, Centre National De La Recherche Scient, 1958, 11p</subfield></datafield><datafield ind1=" " ind2=" " tag="490"><subfield code="a">Colloques Inttern. Du Centre National De La Recherche Scientifique</subfield></datafield><datafield ind1=" " ind2=" " tag="852"><subfield code="a">6252</subfield></datafield></record></collection>